@book{Bagnall2011,
	Author = {Brian Bagnall},
	Title = {Intelligence Unleashed, Creating LEGO NXT Robots with Java},
	Year = {2011},
	publisher = {Variant Express},
	edition   = {1},
	Address = {EUA},
	Pages = {519}
}

@article{Guzman2008,
	Author = {José Luis Guzmán and Manuel Berenguel and Sebastián Dormido and Francisco Rodríguez},
	Title = {INTERACTIVE TOOL FOR MOBILE ROBOT MOTION PLANNING},
	Year = {2008},
	Pages = {396–409},
	Number = {56},
	journal = {Robotics and Autonomous Systems},
	publisher={Elsevier}	
}

@book{Borenstein1996,
	Author = {J. Borenstein and H. R. Everett and L. Feng},
	Title = {Where i am? Sensors and Methods for Mobile Robot Positioning},
	Year = {1996},
	publisher = {Universidade de Michigan},
	edition   = {1},
	Address = {Michigan, EUA},
	Pages = {282}
}

@book{Goodliffe2007,
	Author = {Pete Goodliffe},
	Title = {Code Craft},
	Year = {2007},
	publisher = {No Starch Press},
	edition   = {1},
	Address = {San Francisco, EUA},
	Pages = {580}
}

@book{Mataric2007,
	Title = {The Robotics Primer},	
	publisher = {Massachusetts Institute of Technology},	
	edition   = {1},
	Pages = {323},
	Year = {2007},
	Address = {Cambridge, EUA},
	Author = {Maja J Mataric}
}

@book{McConnel2004,
	Title = {Code Complete},	
	publisher = {Microsoft Press},	
	edition   = {2},
	Pages = {914},
	Year = {2004},
	Address = {Washington, EUA},
	Author = {Steve McConnel}
}

@mastersthesis{Pereira2003,
	Title = {Avaliação e correção do modelo cinemático de robôs móveis visando a redução de erros no seguimento de trajetórias},	
	school = {Universidade Do Estado De Santa Catarina },	
	Address = {Joinvile, Brasil},
	Year = {2003},
	Pages = {141},
	Author = {Jonas Pereira},
	url = {http://www.tede.udesc.br/tde_arquivos/8/TDE-2006-05-19T054914Z-190/Publico/Jonas%20Pereira.pdf},
	note = {visualizado em 24/09/2014}
}

@book{Siegwart2004,
	Title = {Introduction to autonomous mobile robots},	
	publisher = {Massachusetts Institute of Technology},	
	edition   = {1},
	Pages = {336},
	Year = {2004},
	Address = {Massachusetts, EUA},
	Author = {Roland Siegwart and Illah R. Nourbakhsh}
}

@mastersthesis{Souza2008,
	Title = {Planejamento de trajetória para um robô móvel com duas rodas utilizando um algoritmo A-estrela modificado},	
	school = {Universidade Federal do Rio de Janeiro},	
	Address = {Rio de Janeiro, Brasil},
	Year = {2008},
	Pages = {110},
	Author = {Sônia Cristina Bastos de Souza},
	url = {http://www.pee.ufrj.br/teses/textocompleto/2008121701.pdf},
	note = {visualizado em 02/10/2014}
}

@mastersthesis{Vieira2005,
	Title = {Controle Dinâmico de robôs móveis com acionamento diferencial},	
	school = {Universidade Federal do Rio Grande do Norte},	
	Address = {Natal, Brasil},
	Year = {2005},
	Pages = {106},
	Author = {Frederico Carvalho Vieira},
	url = {ftp://ftp.ufrn.br/pub/biblioteca/ext/bdtd/FredericoCV.pdf},
	note = {visualizado em 11/10/2014}
}

@booklet{Secchi2008,
	Title = {Uma Introdução a Robôs Móveis},	
	school = {Universidade Nacional de San Juan},
	Pages = {91},
	Year = {2008},
	Address = {Argentina},
	Author = {Humberto Alejandro Secchi},
	url = {http://www.obr.org.br/wp-content/uploads/2013/04/Uma_Introducao_aos_Robos_Moveis.pdf},
	note = {visualizado em 08/10/2014}
}

@book{Choset2005,
	Title = {Principles of Robot Motion. Theory, Algorithms, and Implementations},	
	publisher = {The MIT Press},	
	edition   = {1},
	Pages = {626},
	Year = {2005},
	Address = {Massachusetts, EUA},
	Author = {H. Choset and K. M. Lynch and S. Hutchinson and G. Kantor and W. Burgard and L. Kavraki}
}

@mastersthesis{Thomsen2010,
	Title = {Path Planning of Robots},	
	school = {Technical University of Denmark},	
	Address = {Dinamarca},
	Year = {2010},
	Pages = {90},
	Author = {Jan Holdgaard-Thomsen},
	url = {http://etd.dtu.dk/thesis/258988/ep10_05.pdf},
	note = {visualizado em 23/10/2014}
}

@ONLINE{Abreu2001,
	author = {Paulo Abreu},
	title = {robótica industrial},
	Address = {Portugal},
	Year = {2001},
	note = {visualizado em 23/09/2014},
	url = {http://paginas.fe.up.pt/~aml/maic_files/introd.pdf}
}

@techreport{Ferguson__2005_5119,
   author = "David {Ferguson } and Anthony (Tony) Stentz",
   title = "The Field D* Algorithm for Improved Path Planning and Replanning in Uniform and Non-Uniform Cost Environments",
   booktitle = "",
   institution = "Robotics Institute",
   month = "June",
   year = "2005",
   number= "CMU-RI-TR-05-19",
   address= "Pittsburgh, PA",
}

@inproceedings{Medeiros2011,
	Author = {Felipe Leonardo Lôbo Medeiros and José Demisio Simões da Silva and Horacio Hideki Yanasse},
	Title = {Simplificação de Grafos de Visibilidade Construídos Através de Modelos Digitais de Elevação},
	Year = {2011},
	Pages = {4},
	note = {visualizado em 15/09/2014},
	url = {http://mtc-m18.sid.inpe.br/col/sid.inpe.br/mtc-m18/2011/10.18.01.32/doc/worcap2011_submission_13.pdf?ibiurl.language=en},
	journal = {XI Workshop de Computação Aplicada},
	publisher={Instituto Nacional de Pesquisas Espaciais}
}

@phdthesis{Strandberg2004,
	Title = {Robot Path Planning: An Object-Oriented Approach},	
	school = {Royal Institute of Technology},	
	Address = {Estocolmo, Suécia},
	Year = {2004},
	Pages = {254},
	Author = {Morten Strandberg},
	url = {http://www.diva-portal.org/smash/get/diva2:7803/FULLTEXT01.pdf},
	note = {visualizado em 06/11/2014}
}

@book{Larman2005,
	Title = {Utilizando UML e Padrões},	
	publisher = {Bookman},	
	edition   = {3},
	Pages = {695},
	Year = {2005},
	Address = {Brasil},
	Author = {Craig Larman}
}

@book{Szyperski2002,
	Title = {Component Software},	
	publisher = {acm press},	
	edition   = {2},
	Pages = {589},
	Year = {2002},
	Address = {New York, EUA},
	Author = {Clemens Szyperski}
}

@book{Gamma1995,
	Title = {Padrões de projeto},	
	publisher = {Bookman},	
	edition   = {1},
	Pages = {370},
	Year = {1995},
	Address = {Brasil},
	Author = {Erich Gamma and Richard Helm and Ralph Johnson and John Vlissides}
}

@book{Fayad1999,
	Title = {Building Aplication Frameworks: Object-Oriented Foundations of Framework Design},	
	publisher = {Wiley Computer Publishing},	
	edition   = {1},
	Pages = {664},
	Year = {1999},
	Address = {EUA},
	Author = {Mohamed E. Fayad and Ralph E. Johnson and Douglas C. Shmidt}
}

@book{Nehmzow2003,
	Title = {Mobile Robotics, A Pratical Introduction},	
	publisher = {Springer},	
	edition   = {2},
	Pages = {280},
	Year = {2003},
	Address = {Inglaterra},
	Author = {Ulrich Nehmzow}
}

@misc{ROS_SITE,
	Author = {{Site do ROS}},
	Year = {2014},
	title = {Site do framework ROS},
	note = {visualizado em 23/10/2014},
	url = {http://wiki.ros.org/ROS}
}

@misc{CARMEN_SITE,
	Author = {{Site do Carmen}},
	Year = {2014},	
	title = {Carmen site do framework},
	note = {visualizado em 23/10/2014},
	url = {http://carmen.sourceforge.net/intro.html}
}

@misc{VORONOI_SITE,
	Author = {{Site do Voronoi}},
	Year = {2014},
	title = {Voronoi site},
	note = {visualizado em 29/10/2014},
	url = {http://www.Voronoi.com}
}

@misc{MRIT_SITE,
	Author = {{Site do MRIT}},
	Year = {2014},	
	title = {MRIT, ferramenta de simulação de algoritmos de definição de trajetória},
	note = {visualizado em 01/10/2014},
	url = {http://aer.ual.es/mrit/}
}

@misc{ECLIPSE_SITE,
	Author = {{Site do Eclipse}},
	Year = {2014},
	title = {Eclipse, ferramenta de desenvolvimento na versão utilizada},
	note = {visualizado em 01/10/2014},
	url = {http://www.eclipse.org/downloads/packages/release/Indigo/SR2}
}

@misc{PLUGIN_NXT_SITE,
	Author = {{Site do plugin NXT}},
	Year = {2014},
	title = {plugin para programação Java para o kit Lego NXT},
	note = {visualizado em 01/10/2014},
	url = {http://lejos.sourceforge.net/tools/eclipse/plugin/nxj}
}

@misc{ECLEMMA_SITE,
	Author = {{Site do Eclemma}},
	Year = {2014},
	title = {Eclemma, plugin para coberturade código},
	note = {visualizado em 01/10/2014},
	url = {http://www.eclemma.org/installation.html}
}

@misc{LEJOS_SITE,
	Author = {{Site do Lejos}},
	Year = {2014},
	title = {Lejos, plataforma Java para robôs da Lego},
	note = {visualizado em 01/10/2014},
	url = {http://www.lejos.org/nxj.php}
}

@misc{JUNIT_SITE,
	Author = {{Site do JUnit}},
	Year = {2014},
	title = {plugin para ferramenta de teste sunitários},
	note = {visualizado em 01/10/2014},
	url = {http://junit.org/}
}


@misc{IMG_ROB_IND_SITE,
	Author = {{http://sicmscj.com.br/links}},
	Year = {2014},
	title = {imagem de braço robótico},
	note = {visualizado em 01/10/2014},
	url = {http://sicmscj.com.br/links/roca1024.jpg}
}

@misc{IMG_DIFFERENTIAL_STEERING_SITE,
	Author = {{http://www.enigmaindustries.com/configurations.htm}},
	Year = {2014},
	title = {exemplos de estruturas de direção diferencial},
	note = {visualizado em 09/10/2014},
	url = {http://www.enigmaindustries.com/configurations.htm}
}

@misc{SITE_LEGO,
	Author = {{Site da Lego}},
	Year = {2014},
	title = {Lego site},
	note = {visualizado em 25/08/2014},
	url = {http://mindstorms.lego.com}
}

@misc{SITE_RIA,
	Author = {{Site do RIA}},
	Year = {2015},
	title = {Site do RIA},
	note = {visualizado em 12/06/2015},
	url = {http://www.robotics.org/company-profile-detail.cfm/Internal/Robotic-Industries-Association/company/319}
}

@misc{SITE_BLUECOVE,
	Author = {{Site do Bluecove}},
	Year = {2015},
	title = {Bluecove Site},
	note = {visualizado em 20/06/2015},
	url = {http://bluecove.org/}
}